@book{siegel2007mindful,
  title={The Mindful Brain: Reflection and Attunement in the Cultivation of Well-Being},
  author={Siegel, D.J.},
  isbn={9780393068702},
  series={Norton Series on Interpersonal Neurobiology},
  url={https://books.google.com/books?id=M7ct00IlQ68C},
  year={2007},
  publisher={W. W. Norton}
}

@book{ruiz2010four,
  title={The Four Agreements: A Practical Guide to Personal Freedom},
  author={Ruiz, D.M. and Mills, J.},
  isbn={9781934408018},
  series={A Toltec Wisdom Book},
  url={https://books.google.com/books?id=hzVxiw2DiOsC},
  year={2010},
  publisher={Amber-Allen Publishing, Incorporated}
}

@book{fosha2009healing,
  title={The healing power of emotion: Affective neuroscience, development \& clinical practice},
  author={Fosha, Diana and Siegel, Daniel J and Solomon, Marion},
  year={2009},
  publisher={WW Norton \& Company}
}
	
@book{siegel2008neurobiology,
  title={The Neurobiology of" we": How Relationships, the Mind, and the Brain Interact to Shape who We are},
  author={Siegel, Daniel J},
  year={2008},
  publisher={Sounds True}
}

@article{house1988social,
  title={Social relationships and health},
  author={House, James S and Landis, Karl R and Umberson, Debra},
  journal={Science},
  volume={241},
  number={4865},
  pages={540},
  year={1988},
  publisher={The American Association for the Advancement of Science}
}

@article{grieve2013face,
  title={Face-to-face or Facebook: Can social connectedness be derived online?},
  author={Grieve, Rachel and Indian, Michaelle and Witteveen, Kate and Tolan, G Anne and Marrington, Jessica},
  journal={Computers in Human Behavior},
  volume={29},
  number={3},
  pages={604--609},
  year={2013},
  publisher={Elsevier}
}

@book{stern2004present,
  title={The present moment in psychotherapy and everyday life (norton series on interpersonal neurobiology)},
  author={Stern, Daniel N},
  year={2004},
  publisher={WW Norton \& Company}
}

@book{badenoch2008being,
  title={Being a Brain-Wise Therapist: A Practical Guide to Interpersonal Neurobiology (Norton Series on Interpersonal Neurobiology)},
  author={Badenoch, Bonnie},
  year={2008},
  publisher={WW Norton \& Company}
}

@book{chalquist2007terrapsychology,
  title={Terrapsychology: Reengaging the soul of place},
  author={Chalquist, Craig},
  year={2007},
  publisher={Spring journal Inc.}
}

@article{morrens2007cozolino,
  title={L. Cozolino: The neuroscience of human relationships: attachment and the developing social brain},
  author={Morrens, M and Sabbe, BGC},
  journal={Tijdschrift voor psychiatrie.-Utrecht, currens},
  volume={49},
  number={7},
  pages={477--478},
  year={2007}
}

@article{fabrega2000feeling,
  title={The feeling of what happens: Body and emotion in the making of consciousness},
  author={Fabrega Jr, Horacio},
  journal={Psychiatric Services},
  volume={51},
  number={12},
  pages={1579--1579},
  year={2000},
  publisher={Am Psychiatric Assoc}
}

@book{edinger2017ego,
  title={Ego and archetype},
  author={Edinger, Edward F},
  year={2017},
  publisher={Shambhala Publications}
}

@book{gendlin2012focusing,
  title={Focusing-oriented psychotherapy: A manual of the experiential method},
  author={Gendlin, Eugene T},
  year={2012},
  publisher={Guilford Press}
}


@book{hanson2009buddha,
  title={Buddha's brain: The practical neuroscience of happiness, love, and wisdom},
  author={Hanson, Rick},
  year={2009},
  publisher={New Harbinger Publications}
}



@book{siegel2016mind,
  title={Mind: A journey to the heart of being human},
  author={Siegel, Daniel J},
  year={2016},
  publisher={WW Norton \& Company}
}

@article{apostolo2009effects,
  title={The effects of guided imagery on comfort, depression, anxiety, and stress of psychiatric inpatients with depressive disorders},
  author={Ap{\'o}stolo, Jo{\~a}o Lu{\'\i}s Alves and Kolcaba, Katharine},
  journal={Archives of psychiatric nursing},
  volume={23},
  number={6},
  pages={403--411},
  year={2009},
  publisher={Elsevier}
}

@incollection{trautwein2014meditation,
  title={Meditation effects in the social domain: self-other connectedness as a general mechanism?},
  author={Trautwein, Fynn-Mathis and Naranjo, Jos{\'e} Ra{\'u}l and Schmidt, Stefan},
  booktitle={Meditation--neuroscientific approaches and philosophical implications},
  pages={175--198},
  year={2014},
  publisher={Springer}
}

@article{williams2006predicting,
  title={Predicting depression and self--esteem from social connectedness, support, and competence},
  author={Williams, Keith L and Galliher, Renee V},
  journal={Journal of Social and Clinical Psychology},
  volume={25},
  number={8},
  pages={855--874},
  year={2006},
  publisher={Guilford Press}
}


@article{cowen2017self,
  title={Self-report captures 27 distinct categories of emotion bridged by continuous gradients},
  author={Cowen, Alan S and Keltner, Dacher},
  journal={Proceedings of the National Academy of Sciences},
  volume={114},
  number={38},
  pages={E7900--E7909},
  year={2017},
  publisher={National Acad Sciences}
}


@MISC{maldives,
   author =       "Keltner, Dacher",
   title =        "Awe for Altruism and Health",
   url =          "\url{http://www.slate.com/bigideas/why-do-we-feel-awe/essays-and-opinions/dacher-keltner-opinion }",
 }

@misc{morgan2003mindfulness,
  title={Mindfulness-based cognitive therapy for depression: A new approach to preventing relapse},
  author={Morgan, D},
  year={2003},
  publisher={Taylor \& Francis}
}

@article{harrington2009mindfulness,
  title={Mindfulness and cognitive behavioral therapy: are they compatible concepts?},
  author={Harrington, Neil and Pickles, Charles},
  journal={Journal of Cognitive Psychotherapy},
  volume={23},
  number={4},
  pages={315--323},
  year={2009},
  publisher={Springer Publishing Company}
}

@book{willard2016growing,
  title={Growing Up Mindful: Essential Practices to Help Children, Teens, and Families Find Balance, Calm, and Resilience},
  author={Willard, Christopher},
  year={2016},
  publisher={Sounds True}
}

@book{jung2014symbols,
  title={Symbols of transformation},
  author={Jung, Carl Gustav},
  volume={5},
  year={2014},
  publisher={Routledge}
}

@book{kalsched2014inner,
  title={The inner world of trauma: Archetypal defences of the personal spirit},
  author={Kalsched, Donald},
  year={2014},
  publisher={Routledge}
}

@book{kalsched2014inner,
  title={The inner world of trauma: Archetypal defences of the personal spirit},
  author={Kalsched, Donald},
  year={2014},
  publisher={Routledge}
}

@book{levine1997waking,
  title={Waking the tiger: Healing trauma: The innate capacity to transform overwhelming experiences},
  author={Levine, Peter A},
  volume={17},
  year={1997},
  publisher={North Atlantic Books}
}

@book{palmer1999intuitive,
  title={The Intuitive Body: Aikido as a Clairsentient Practice: Lessons from Aikido and Other Spiritual Practices},
  author={Palmer, Wendy},
  year={1999},
  publisher={North Atlantic Books}
}

@book{progoff1973symbolic,
  title={The symbolic \& the real: a new psychological approach to the fuller experience of personal existence},
  author={Progoff, Ira},
  year={1973},
  publisher={McGraw-Hill}
}

@book{fonagy2004affect,
  title={Affect regulation, mentalization and the development of the self},
  author={Fonagy, Peter and Gergely, Gyorgy and Jurist, Elliot L},
  year={2004},
  publisher={Karnac books}
}

@book{siegel2007mindful,
  title={The mindful brain: Reflection and attunement in the cultivation of well-being},
  author={Siegel, Daniel J},
  year={2007},
  publisher={WW Norton \& Company}
}

@book{shubin2008your,
  title={Your inner fish: a journey into the 3.5-billion-year history of the human body},
  author={Shubin, Neil},
  year={2008},
  publisher={Vintage}
}

@book{wilkinson2014coming,
  title={Coming into mind: The mind-brain relationship: A Jungian clinical perspective},
  author={Wilkinson, Margaret},
  year={2014},
  publisher={Routledge}
}
